<?xml version="1.0" encoding="UTF-8"?>
<collection xmlns:xsi="http://www.w3.org/2001/XMLSchema-instance" xsi:schemaLocation="http://www.loc.gov/MARC21/slim http://www.loc.gov/standards/marcxml/schema/MARC21slim.xsd" xmlns="http://www.loc.gov/MARC21/slim">
<record>
  <leader>00806cam a22001931  4500</leader>
  <controlfield tag="001">3087638</controlfield>
  <controlfield tag="003">NNC</controlfield>
  <controlfield tag="005">20130426020345.0</controlfield>
  <controlfield tag="008">010917s1937    ua            000 0 ara d</controlfield>
  <datafield tag="035" ind1=" " ind2=" ">
    <subfield code="a">(OCoLC)ocm47977938</subfield>
  </datafield>
  <datafield tag="035" ind1=" " ind2=" ">
    <subfield code="9">ATR5115CU</subfield>
  </datafield>
  <datafield tag="035" ind1=" " ind2=" ">
    <subfield code="a">(NNC)3087638</subfield>
  </datafield>
  <datafield tag="040" ind1=" " ind2=" ">
    <subfield code="a">ZCU</subfield>
    <subfield code="c">ZCU</subfield>
  </datafield>
  <datafield tag="099" ind1=" " ind2=" ">
    <subfield code="a">893.799</subfield>
    <subfield code="a">Ib545</subfield>
  </datafield>
  <datafield tag="100" ind1="1" ind2=" ">
    <subfield code="a">Ibn Ḥajar al-Haythamī, Aḥmad ibn Muḥammad,</subfield>
    <subfield code="d">approximately 1503-approximately 1566.</subfield>
  </datafield>
  <datafield tag="245" ind1="1" ind2="3">
    <subfield code="a">al-Zawājir ʻan iqtirāf al-kabāʾir,</subfield>
    <subfield code="c">lil-imām Ibn Ḥajar al-Makkī al-Haytamī. Wabihāmishihī: kitāb Kaff al-raʻāʻ ʻan muḥarramāt al-lahw wa-al-samāʻ, thumma yalīhi: kitāb al-Aʻlām biqawāṭiʻ al-Islām; wahumā lahū ayḍan.</subfield>
  </datafield>
  <datafield tag="260" ind1=" " ind2=" ">
    <subfield code="a">al-Qāhirah,</subfield>
    <subfield code="b">Matb. al-Ḥijāzī,</subfield>
    <subfield code="c">1356 [1937]</subfield>
  </datafield>
  <datafield tag="300" ind1=" " ind2=" ">
    <subfield code="a">2 v. in 1.</subfield>
  </datafield>
  <datafield tag="955" ind1=" " ind2=" ">
    <subfield code="b">CU58900438</subfield>
    <subfield code="d">off,glx</subfield>
    <subfield code="e">893.799 Ib545</subfield>
  </datafield>
</record>
</collection>